<?xml version='1.0' encoding='utf-8'?>
<AuditFile xmlns="urn:OECD:StandardAuditFile-Tax:PT_1.04_01"><Header><AuditFileVersion>1.04_01</AuditFileVersion><CompanyID>123456789</CompanyID><TaxRegistrationNumber>123456789</TaxRegistrationNumber><TaxAccountingBasis>F</TaxAccountingBasis><CompanyName>Empresa</CompanyName><BusinessName>Empresa</BusinessName><CompanyAddress><AddressDetail>Rua X</AddressDetail><City>Porto</City><PostalCode>4000-000</PostalCode><Country>PT</Country></CompanyAddress><FiscalYear>2026</FiscalYear><StartDate>2026-03-01</StartDate><EndDate>2026-03-31</EndDate><CurrencyCode>EUR</CurrencyCode><DateCreated>2026-03-25</DateCreated><TaxEntity>PT</TaxEntity><ProductCompanyTaxID>123456789</ProductCompanyTaxID><SoftwareCertificateNumber>9999</SoftwareCertificateNumber><ProductID>StationZero/StationZero</ProductID><ProductVersion>dev</ProductVersion></Header><MasterFiles><Customer><CustomerID>C1</CustomerID><AccountID>C1</AccountID><CustomerTaxID>123456789</CustomerTaxID><CompanyName>Cliente Teste</CompanyName><BillingAddress><AddressDetail>Rua X</AddressDetail><City>Porto</City><PostalCode>4000-000</PostalCode><Country>PT</Country></BillingAddress><SelfBillingIndicator>0</SelfBillingIndicator></Customer><Product><ProductType>P</ProductType><ProductCode>ART1</ProductCode><ProductDescription>Artigo</ProductDescription><ProductNumberCode>ART1</ProductNumberCode></Product><TaxTable><TaxTableEntry><TaxType>IVA</TaxType><TaxCountryRegion>PT</TaxCountryRegion><TaxCode>NOR</TaxCode><Description>IVA 23.00%</Description><TaxPercentage>23.00</TaxPercentage></TaxTableEntry></TaxTable></MasterFiles><SourceDocuments><SalesInvoices><NumberOfEntries>1</NumberOfEntries><TotalDebit>123.00</TotalDebit><TotalCredit>0.00</TotalCredit><Invoice><InvoiceNo>FT A/1</InvoiceNo><ATCUD>ABC123-1</ATCUD><DocumentStatus><InvoiceStatus>N</InvoiceStatus><InvoiceStatusDate>2026-03-25T10:00:00</InvoiceStatusDate><SourceID>admin</SourceID><SourceBilling>P</SourceBilling></DocumentStatus><Hash>hash</Hash><HashControl>1</HashControl><Period>3</Period><InvoiceDate>2026-03-25</InvoiceDate><InvoiceType>FT</InvoiceType><SpecialRegimes><SelfBillingIndicator>0</SelfBillingIndicator><CashVATSchemeIndicator>0</CashVATSchemeIndicator><ThirdPartiesBillingIndicator>0</ThirdPartiesBillingIndicator></SpecialRegimes><SourceID>admin</SourceID><SystemEntryDate>2026-03-25T10:00:00</SystemEntryDate><CustomerID>C1</CustomerID><Line><LineNumber>1</LineNumber><ProductCode>ART1</ProductCode><ProductDescription>Artigo</ProductDescription><Quantity>1</Quantity><UnitOfMeasure>UN</UnitOfMeasure><UnitPrice>100.000000</UnitPrice><TaxPointDate>2026-03-25</TaxPointDate><Description>Artigo</Description><DebitAmount>100.00</DebitAmount><Tax><TaxType>IVA</TaxType><TaxCountryRegion>PT</TaxCountryRegion><TaxCode>NOR</TaxCode><TaxPercentage>23.00</TaxPercentage></Tax></Line><DocumentTotals><TaxPayable>23.00</TaxPayable><NetTotal>100.00</NetTotal><GrossTotal>123.00</GrossTotal></DocumentTotals></Invoice></SalesInvoices></SourceDocuments></AuditFile>